@article{blei2003latent,
  title={Latent dirichlet allocation},
  author={Blei, David M and Ng, Andrew Y and Jordan, Michael I},
  journal={Journal of machine Learning research},
  volume={3},
  number={Jan},
  pages={993--1022},
  year={2003}
}

@article{hornik2011topicmodels,
  title={topicmodels: An R package for fitting topic models},
  author={Hornik, Kurt and Gr{\"u}n, Bettina},
  journal={Journal of Statistical Software},
  volume={40},
  number={13},
  pages={1--30},
  year={2011},
  publisher={American Statistical Association}
}

@article{ponweiser2012latent,
  title={Latent Dirichlet allocation in R},
  author={Ponweiser, Martin},
  year={2012},
  publisher={WU Vienna University of Economics and Business}
}

@article{welbers2017text,
  title={Text analysis in R},
  author={Welbers, Kasper and Van Atteveldt, Wouter and Benoit, Kenneth},
  journal={Communication Methods and Measures},
  volume={11},
  number={4},
  pages={245--265},
  year={2017},
  publisher={Taylor \& Francis}
}